@online{po,
    author = "Светлана Шляхтина",
    title = "Генераторы ландшафтов {[ЭЛ. РЕСУРС] Режим доступа:}",
    url = "https://compress.ru/article.aspx?id=16597",
    addendum = "(дата обращения: 27.11.2020)",
    keywords = "po"
}

@online{ixbt,
    author = "Денис Кожухов",
    title = "Генерация трехмерных ландшафтов{[ЭЛ. РЕСУРС] Режим доступа:}",
    url = "https://www.ixbt.com/video/3dterrains-generation.shtml",
    addendum = "(дата обращения: 10.09.2020)",
    keywords = "hill"
}

@online{perlin,
    author = "Scott Turner",
    title = "Шум Перлина, процедурная генерация контента и интересное пространство{[ЭЛ. РЕСУРС] Режим доступа:}",
    url = "https://habr.com/ru/post/440286/",
    addendum = "(дата обращения: 07.10.2020)",
    keywords = "perlin"
}

@online{zbuff,
    author = "Вадим Репин",
    title = "Иерархический Z-буфер{[ЭЛ. РЕСУРС] Режим доступа:}",
    url = "https://www.ixbt.com/video/hierar-z.html",
    addendum = "(дата обращения: 12.10.2020)",
    keywords = "z"
}

@online{fong,
    author = "Кулагин Денис",
    title = "Модель отражения Фонга{[ЭЛ. РЕСУРС] Режим доступа:}",
    url = "https://compgraphics.info/3D/lighting/phong_reflection_model.php",
    addendum = "(дата обращения: 12.10.2020)",
    keywords = "fong"
}

@online{rgb,
    author = "Wikipedia",
    title = "RGB{[ЭЛ. РЕСУРС] Режим доступа:}",
    url = "https://ru.wikipedia.org/wiki/RGB",
    addendum = "(дата обращения: 01.11.2020)",
    keywords = "rgb"
}

@online{mm,
    author = "Мир Знаний",
    title = "Мипмапы{[ЭЛ. РЕСУРС] Режим доступа:}",
    url = "https://smekni.com/a/311940-4/generatsiya-i-postroenie-izobrazheniy-landshafta-v-realnom-vremeni-4/",
    addendum = "(дата обращения: 01.11.2020)",
    keywords = "mm"
}
