@online{djangoproject,
    author = "Адриан Головатый, Саймон Уиллисон",
    title = "Django Software Foundation {[ЭЛ. РЕСУРС] Режим доступа:}",
    url = "https://www.djangoproject.com/",
    addendum = "(дата обращения: 27.03.2021)",
    keywords = "djangoproject"
}

@online{python,
    author = "Гвидо ван Россум",
    title = "7.	Python{[ЭЛ. РЕСУРС] Режим доступа:}",
    url = "https://www.python.org/",
    addendum = "(дата обращения: 03.05.2021)",
    keywords = "python"
}

@online{django,
    author = "Ruslan Popov",
    title = "DjangoBook {[ЭЛ. РЕСУРС] Режим доступа:}",
    url = "https://djbook.ru/",
    addendum = "(дата обращения: 15.04.2021)",
    keywords = "django"
}

@online{postgres,
    author = "The PostgreSQL Global Development Group",
    title = "PostgreSQL {[ЭЛ. РЕСУРС] Режим доступа:}",
    url = "https://www.postgresql.org/",
    addendum = "(дата обращения: 11.03.2021)",
    keywords = "postgres"
}

@online{bootstrap,
    author = "Bootstrap Team",
    title = "Bootstrap {[ЭЛ. РЕСУРС] Режим доступа:}",
    url = "https://bootstrap-4.ru/docs/4.3.1/getting-started/introduction/",
    addendum = "(дата обращения: 23.04.2021)",
    keywords = "bootstrap"
}

@online{pycharm,
    author = "JetBrains",
    title = "PyCharm {[ЭЛ. РЕСУРС] Режим доступа:}",
    url = "https://www.jetbrains.com/ru-ru/pycharm/",
    addendum = "(дата обращения: 25.02.2021)",
    keywords = "pycharm"
}

@online{html,
    author = "Mozilla",
    title = "htmlbook {[ЭЛ. РЕСУРС] Режим доступа:}",
    url = "http://htmlbook.ru/html",
    addendum = "(дата обращения: 13.04.2021)",
    keywords = "html"
}

@online{css,
    author = "Влад Мержевич",
    title = "Основы CSS {[ЭЛ. РЕСУРС] Режим доступа:}",
    url = "https://developer.mozilla.org/ru/docs/Learn/Getting_started_with_the_web/CSS_basics",
    addendum = "(дата обращения: 17.04.2021)",
    keywords = "css"
}
